@Misc{
  title = {Scalable and Precise Multi-UAV Indoor Navigation using TDOA-based UWB Localization},
  author = {Janis Tiemann and others},
  howpublished = {International Conference on Indoor Positioning and Indoor Navigation},
  year = 2017
}
@Misc{
  title = {The GraphSLAM Algorithm with Applications to Large-Scale Mapping of Urban Structures},
  author = {Sebastian Thrun and others},
  howpublished = {THE INTERNATIONAL JOURNAL OF ROBOTICS RESEARCH},
  year = 2006 
}
@Misc{
  title = {Holger Voos, Real-time graph-based SLAM in unknown environments using a small UAV},
  author = {Arun Annaiyan and others},
  howpublished = {International Conference on Unmanned Aircraft Systems},
  year = 2017 
}
@Misc{
  title = {NanoMap: Fast, Uncertainty-Aware Proximity Queries with Lazy Search over Local 3D Data},
  author = {Peter R. Florence1 and others},
  howpublished = {arXiv},
  year = 2018 
}
@Misc{
  title = {Octomap: An efficient probabilistic 3d mapping framework based on octrees},
  author = {Hornung and others},
  howpublished = {Auton. Robots},
  year = 2013
}
